


@article{holer,
  title=    "Fundamentals of electron energy-loss spectroscopy",
  author=   "Hofer et al., F.",
  journal={Materials Science and Engineering},
  volume={109},
  year={2016},
  publisher={IOP Conference}
}

@article{hachtel,
  title={Exploring the capabilities of monochromated electron energy loss spectroscopy in the infrared regime},
  author={Hachtel, J.A. and Lupini, A.R. and Idrobo, J.C.},
  journal={Nature},
  volume={8},
  year={2018},
  publisher={www.nature.com/scientificreports},
  DOI={10.1038/s41598-018-23805-5}
}

@article{greplova,
  title={Quantum parameter estimation with a neural network},
  author={Greplova et al., E. },
  year={2017},
  publisher={ArXiv preprint arXiv:1711.05238v1}
}

@book{hn,
  title={Neural Networks for Perception},
  author={Hecht-Nielsen, R.},
  year={1992},
  chapter = {III},
  publisher={Elsevier},
  pages={65-94},
  DOI = {https://doi.org/10.1016/B978-0-12-741252-8.50010-8}
}

@article{chat,
  title={towards calibration-invariant spectroscopy using deep learning},
  author={Chatzidakis, M. and Botton, G.A.},
  journal={Scientific Reports},
  volume={9},
  issue = {1},
  year={2019},
  pages={1-10}
}

@misc{juan,
  Author = {Rojo, J.},
  Title = {Machine Learning: a New Toolbox for Theoretical Physics},
  Institution = {VU Amsterdam},
  Howpublished = {University Study Guide},
  Year = {2019}
}

@misc{flo,
  Author = {Marquardt, F.},
  Title = {Machine Learning for Physicists},
  Institution = {Friedrich-Alexander-Universität},
  Howpublished = {Online course},
  Year = {2019}
}

@article{krivanek,
  title={Progress in ultrahigh energy resolution EELS},
  author={Krivanek, O.L. and Dellby, N. and Hachtel, J.A. and Hotz, M.T.},
  journal={Ultramicroscopy},
  volume={203},
  year={2019},
  pages={60-67}
}

@article{abajo,
  title={Optical excitations in electron microscopy},
  author={García de Abajo, F.J.},
  journal={Review of Modern Physics},
  volume={82},
  issue={1},
  year={2010}
}

@article{stoger,
  title={Optical properties and bandgaps from low loss EELS: Pitfalls and solutions},
  author={Stöger-Pollach, M.},
  journal={Micron},
  volume={39},
  issue={8},
  year={2008},
  pages={1092-1110}
}

@article{tiemeijer,
  title={Operation modes of a TEM monochromator},
  author={Tiemeijer, P.C.},
  journal={Inst. Phys. Conf. Ser.},
  volume={161},
  section={5},
  year={1999},
  pages={191}
}

@article{egerton,
  title={Electron energy-loss spectroscopy in the TEM},
  author={Egerton, R.F.},
  journal={Reports on Progress in Physics},
  volume={72},
  year={2009},
}

@book{egertonbook,
  title={Electron Energy-Loss Spectroscopy in the Electron Microscope},
  author={Egerton, R.F.},
  year={1996},
  publisher={Springer}
}

@misc{website,
  title = {EELS.info},
  howpublished = {\url{https://eels.info/about/overview}},
  note = {Accessed: 2020-02-10}
}

@article{gu,
  title={Band-gap measurements of direct and indirect semiconductors using monochromated electrons},
  author={Gu, L. and Srot, V. and Sigle et al., W.},
  journal={Physical Review B - Condensed Matter and Materials Physics},
  volume={75},
  issue={19}
  year={2007},
}

@article{sonia,
  title={Metallic edge states in zig-zag vertically-oriented MoS2 nanowalls},
  author={Rivas, M.T. and Maduro, L. and Conesa Boj, S. },
  journal={Scientific Reports},
  volume={9},
  issue={1},
  year={2019},
}

@article{reed,
  title={Background subtraction for low-loss transmission electron energy-loss spectroscopy},
  author={Reed, B.W. and Sarikaya, M.},
  journal={Ultramicroscopy},
  volume={93},
  year={2002},
}

@article{rafferty,
  title={Zero loss peak deconvolution for bandgap EEL spectra},
  author={Rafferty, B. and Pennycook, S.J. and Brown, L.M.},
  journal={Journal of Electron Microscopy},
  volume={49},
  issue={4},
  year={2000},
}

@book{hann,
  title={Elements of statistical analysis. },
  author={Essenwanger, O.M.},
  year={1986},
  publisher={Elsevier},
  ISBN = {0444424261},
}

@article{astigma,
  title={Autofocusing and Astigmatism Correction in the Scanning Electron Microscope},
  author={Batten, C.F.},
  journal={Journal of Electron Microscopy},
  volume={49},
  issue={4},
  year={2000},
}

@misc{astigma,
  Author = {Batten, C.F.},
  Title = {Autofocusing and Astigmatism Correction in the Scanning Electron Microscope},
  Institution = {University of Cambridge},
  Howpublished = {Online},
  Year = {2000}
}

@article{sonia,
  title={Metallic edge states in zig-zag vertically-oriented MoS2 nanowalls},
  author={Rivas, M.T. and Maduro, L. and Conesa Boj, S. },
  journal={Scientific Reports},
  volume={9},
  issue={1}
  year={2019},
}

@article{schamm,
  title={Study of the dielectric properties near the band gap by VEELS:gap measurement in bulk materials},
  author={Schamm, S. and Zanchi, G. },
  journal={Ultramicroscopy},
  volume={96},
  year={2003},
  page={559-564},
}

@article{nerl,
  title={Probing the local nature of excitons and plasmons in few-layer MoS2},
  author={Nerl, H.C. and Winther, K.T. and Hage, F.S. },
  journal={npj 2D Materials and Applications},
  volume={1},
  issue={2},
  year={2016},
  doi={10.1038/s41699-017-0003-9}
}


@article{soniamos2,
  title={Strain-Dependent Edge Structures in MoS2 Layers},
  author={Tinoco, M. and Maduro, L. and Masaki, M. and Okunishi, E. and Conesa-Boj, S. },
  journal={NanoLetters},
  volume={17},
  year={2017},
  page={7021− 7026},
  doi={10.1021/acs.nanolett.7b0362}
}

@article{komsa,
  title={Effects of confinement and environment on the electronic structure and exciton binding energy
of MoS2 from first principles},
  author={Komsa, H.P. and Krasheninnikov, A.V. },
  journal={Physical Review B},
  volume={86},
  issue={24},
  year={2012},
  doi={10.1103/PhysRevB.86.241201}
}

@article{ewd,
  title={Comparative Analysis of Supervised and Unsupervised Discretization Techniques},
  author={Dash, R. and Paramguru, R.L. },
  journal={International Journal of Advances in Science and Technology},
  volume={2},
  issue={3},
  year={2011}
}
@article{closure,
  title={Parton distributions for the LHC Run II},
  author={Ball, R.D. and Bertone, V. and Carrazza, S. },
  journal={High Energy Physics - Phenomenology},
  DOI={10.1007/JHEP04(2015)040},
  year={2014}
}
