@online{wikipedia_2020, 
title={Kramers–Kronig relations}, url={https://en.wikipedia.org/wiki/Kramers–Kronig_relations}, journal={Wikipedia}, publisher={Wikimedia Foundation}, year={2020}, month={Jun}}

@Inbook{egerton_book, 
place={New York}, title={Electron energy-loss spectroscopy in the electron microscope}, publisher={Springer}, author={Egerton, R. F.}, year={2011}}

@Inbook{Dapor2017,
author="Dapor, Maurizio",
title="Appendix G: The Kramers--Kronig Relations and the Sum Rules",
bookTitle="Transport of Energetic Electrons in Solids: Computer Simulation with Applications to Materials Analysis and Characterization",
year="2017",
publisher="Springer International Publishing",
address="Cham",
pages="175--178",
abstract="In this chapter, the response of a material to applied electromagnetic radiations is discussed. In particular, the complex dielectric function is the response function of the medium corresponding to the electric polarization induced by an applied electric field.",
isbn="978-3-319-47492-2",
doi="10.1007/978-3-319-47492-2_16",
url="https://doi.org/10.1007/978-3-319-47492-2_16"
}

@article{lau, 
author="Lau", title = "amazing article"}

@article{egerton_article, 
title={Electron energy-loss spectroscopy in the TEM}, volume={72}, DOI={10.1088/0034-4885/72/1/016502}, number={1}, journal={Reports on Progress in Physics}, author={Egerton, R F}, year={2008}, pages={016502}}

@book{reimer_1989, 
place={Berlin}, title={Transmission electron microscopy: physics of image formation and microanalysis}, publisher={Springer-Verlag}, author={Reimer, Ludwig}, year={1989}}

@article{brockt_lakner_2000, 
title={Nanoscale EELS analysis of dielectric function and bandgap properties in GaN and related materials}, volume={31}, DOI={10.1016/s0968-4328(99)00121-3}, number={4}, journal={Micron}, author={Brockt, G and Lakner, H}, year={2000}, pages={435–440}}

@article{potapov, 
title={Measuring the dielectric constant of materials from valence EELS}, volume={40}, DOI={10.1016/j.micron.2008.07.006}, number={2}, journal={Micron}, author={Potapov, P.l. and Engelmann, H.-J. and Zschech, E. and Stöger-Pollach, M.}, year={2009}, pages={262–268}}