@online{wikipedia_2020, title={Kramers–Kronig relations}, url={https://en.wikipedia.org/wiki/Kramers–Kronig_relations}, journal={Wikipedia}, publisher={Wikimedia Foundation}, year={2020}, month={Jun}}

@book{egerton_2011, place={New York}, title={Electron energy-loss spectroscopy in the electron microscope}, publisher={Springer}, author={Egerton, R. F.}, year={2011}}