@online{wikipedia_2020, title={Kramers–Kronig relations}, url={https://en.wikipedia.org/wiki/Kramers–Kronig_relations}, journal={Wikipedia}, publisher={Wikimedia Foundation}, year={2020}, month={Jun}}

@book{egerton_2011, place={New York}, title={Electron energy-loss spectroscopy in the electron microscope}, publisher={Springer}, author={Egerton, R. F.}, year={2011}}

@Inbook{Dapor2017,
author="Dapor, Maurizio",
title="Appendix G: The Kramers--Kronig Relations and the Sum Rules",
bookTitle="Transport of Energetic Electrons in Solids: Computer Simulation with Applications to Materials Analysis and Characterization",
year="2017",
publisher="Springer International Publishing",
address="Cham",
pages="175--178",
abstract="In this chapter, the response of a material to applied electromagnetic radiations is discussed. In particular, the complex dielectric function is the response function of the medium corresponding to the electric polarization induced by an applied electric field.",
isbn="978-3-319-47492-2",
doi="10.1007/978-3-319-47492-2_16",
url="https://doi.org/10.1007/978-3-319-47492-2_16"
}

@article{lau, author="Lau", title = "amazing article"}

@article{egerton_article, title={Electron energy-loss spectroscopy in the TEM}, volume={72}, DOI={10.1088/0034-4885/72/1/016502}, number={1}, journal={Reports on Progress in Physics}, author={Egerton, R F}, year={2008}, pages={016502}}